<?xml version="1.0" encoding="UTF-8"?><record xmlns="http://www.loc.gov/MARC21/slim" xmlns:cinclude="http://apache.org/cocoon/include/1.0" xmlns:zs="http://www.loc.gov/zing/srw/">
  <leader>01154cz  a2200277n  4500</leader>
  <controlfield tag="001">n  96091314 </controlfield>
  <controlfield tag="003">DLC</controlfield>
  <controlfield tag="005">20130312092514.0</controlfield>
  <controlfield tag="008">960919n| azannaabn          |b aaa      </controlfield>
  <datafield tag="010" ind1=" " ind2=" ">
    <subfield code="a">n  96091314 </subfield>
  </datafield>
  <datafield tag="035" ind1=" " ind2=" ">
    <subfield code="a">(OCoLC)oca04165661</subfield>
  </datafield>
  <datafield tag="040" ind1=" " ind2=" ">
    <subfield code="a">DLC</subfield>
    <subfield code="b">eng</subfield>
    <subfield code="e">rda</subfield>
    <subfield code="c">DLC</subfield>
    <subfield code="d">OCoLC</subfield>
    <subfield code="d">DLC</subfield>
  </datafield>
  <datafield tag="046" ind1=" " ind2=" ">
    <subfield code="s">17</subfield>
  </datafield>
  <datafield tag="100" ind1="1" ind2=" ">
    <subfield code="a">ʻAbadi, Shelomoh,</subfield>
    <subfield code="d">active 18th century</subfield>
  </datafield>
  <datafield tag="400" ind1="1" ind2=" ">
    <subfield code="a">Abadi, Salomo,</subfield>
    <subfield code="d">active 18th century</subfield>
  </datafield>
  <datafield tag="400" ind1="1" ind2=" ">
    <subfield code="w">nnea</subfield>
    <subfield code="a">ʻAbadi, Shelomoh,</subfield>
    <subfield code="d">18th cent.</subfield>
  </datafield>
  <datafield tag="400" ind1="1" ind2=" ">
    <subfield code="a">Abbadi, Solomon,</subfield>
    <subfield code="d">active 18th century</subfield>
  </datafield>
  <datafield tag="400" ind1="1" ind2=" ">
    <subfield code="a">Ibadi, Salomo,</subfield>
    <subfield code="d">active 18th century</subfield>
  </datafield>
  <datafield tag="400" ind1="1" ind2=" ">
    <subfield code="a">ʻIbadi, Shelomoh,</subfield>
    <subfield code="d">active 18th century</subfield>
  </datafield>
  <datafield tag="400" ind1="1" ind2=" ">
    <subfield code="a">עבדי, שלמה</subfield>
  </datafield>
  <datafield tag="400" ind1="1" ind2=" ">
    <subfield code="a">עבדי, שלמה,</subfield>
    <subfield code="d">המאה ה־18</subfield>
  </datafield>
  <datafield tag="667" ind1=" " ind2=" ">
    <subfield code="a">Machine-derived non-Latin script reference project.</subfield>
  </datafield>
  <datafield tag="667" ind1=" " ind2=" ">
    <subfield code="a">Non-Latin script references not evaluated.</subfield>
  </datafield>
  <datafield tag="670" ind1=" " ind2=" ">
    <subfield code="a">Sefer Shaʻare ratson, 1995 or 1996:</subfield>
    <subfield code="b">orig. t.p. (R. Shelomoh ʻAbadi)</subfield>
  </datafield>
  <datafield tag="670" ind1=" " ind2=" ">
    <subfield code="a">Encyc. Judaica, 1928</subfield>
    <subfield code="b">(Abadi (Ibadi), Salomo; rabbi in Salonica, 1st half of the 18th cent.)</subfield>
  </datafield>
  <datafield tag="670" ind1=" " ind2=" ">
    <subfield code="a">Encyc. Judaica, c1971:</subfield>
    <subfield code="b">v. 10, col. 895 (the kabbalist R. Solomon Abbadi; established a Torah center in Kefar Yasif in 1747)</subfield>
  </datafield>
</record>